<?xml version="1.0" encoding="UTF-8"?><record xmlns="http://www.loc.gov/MARC21/slim" xmlns:cinclude="http://apache.org/cocoon/include/1.0" xmlns:zs="http://www.loc.gov/zing/srw/">
  <leader>00639nz  a2200157n  4500</leader>
  <controlfield tag="001">no2005068765</controlfield>
  <controlfield tag="003">DLC</controlfield>
  <controlfield tag="005">20050728052653.0</controlfield>
  <controlfield tag="008">050720n| acannaabn          |a aaa     c</controlfield>
  <datafield tag="010" ind1=" " ind2=" ">
    <subfield code="a">no2005068765</subfield>
  </datafield>
  <datafield tag="035" ind1=" " ind2=" ">
    <subfield code="a">(OCoLC)oca06691341</subfield>
  </datafield>
  <datafield tag="040" ind1=" " ind2=" ">
    <subfield code="a">PSt</subfield>
    <subfield code="b">eng</subfield>
    <subfield code="c">PSt</subfield>
  </datafield>
  <datafield tag="100" ind1="1" ind2=" ">
    <subfield code="a">Anderson, William B.</subfield>
    <subfield code="q">(William Burt),</subfield>
    <subfield code="d">1968-</subfield>
  </datafield>
  <datafield tag="400" ind1="1" ind2=" ">
    <subfield code="a">Anderson, William Burt,</subfield>
    <subfield code="d">1968-</subfield>
  </datafield>
  <datafield tag="670" ind1=" " ind2=" ">
    <subfield code="a">Crafting the national pastime's image, c2003:</subfield>
    <subfield code="b">t.p. (William B. Anderson; assistant professor in the Dept. of Communication at the Univ. of Scranton)</subfield>
  </datafield>
  <datafield tag="670" ind1=" " ind2=" ">
    <subfield code="a">OCLC, July 20, 2005</subfield>
    <subfield code="b">(hdg.: Anderson, William B. (William Burt), 1968- ; usage: William B. Anderson, Jr.)</subfield>
  </datafield>
</record>